@article{tsiligirides1984,
 ISSN = {01605682, 14769360},
 URL = {http://www.jstor.org/stable/2582629},
 author = {T. Tsiligirides},
 journal = {The Journal of the Operational Research Society},
 number = {9},
 pages = {797--809},
 publisher = {Palgrave Macmillan Journals},
 title = {Heuristic Methods Applied to Orienteering},
 volume = {35},
 year = {1984}
}

@article{laporte1990,
title = "The selective travelling salesman problem",
journal = "Discrete Applied Mathematics",
volume = "26",
number = "2",
pages = "193 - 207",
year = "1990",
issn = "0166-218X",
doi = "https://doi.org/10.1016/0166-218X(90)90100-Q",
url = "http://www.sciencedirect.com/science/article/pii/0166218X9090100Q",
author = "Gilbert Laporte and Silvano Martello"
}

@article{divsalar2013,
author = {Divsalar, Ali and Vansteenwegen, Pieter and Cattrysse, Dirk},
year = {2013},
month = {09},
pages = {150-160},
title = {A Variable Neighborhood Search Method for the Orienteering Problem with Hotel Selection},
volume = {145},
booktitle = {International Journal of Production Economics}
}

@article{vansteenwegen2012,
author = {Vansteenwegen, Pieter and Souffriau, Wouter and S\"orensen, Kenneth},
year = {2012},
month = {02},
pages = {},
title = {The Travelling Salesperson Problem with Hotel Selection},
volume = {63},
booktitle = {Journal of the Operational Research Society}
}

@article{divsalar2014,
author = {Divsalar, Ali and Vansteenwegen, Pieter and S\"orensen, Kenneth and Cattrysse, Dirk},
year = {2014},
month = {01},
pages = {},
title = {A Memetic Algorithm for the Orienteering Problem with Hotel Selection},
booktitle = {European Journal of Operational Research}
}

@article{vansteenwegen2011,
author = {Vansteenwegen, Pieter and Souffriau, Wouter and Van Oudheusden, Dirk},
year = {2011},
month = {02},
pages = {1-10},
title = {The orienteering problem: A survey},
volume = {209},
booktitle = {European Journal of Operational Research}
}

@article{feillet2005,
author = {Feillet, Dominique and DEJAX, Pierre and Gendreau, Michel},
year = {2005},
month = {05},
pages = {188-205},
title = {Traveling Salesman Problems With Profits},
volume = {39},
booktitle = {Transportation Science}
}

@Article{archetti2014,
author="Archetti, Claudia
and Speranza, M. Grazia",
title="A survey on matheuristics for routing problems",
journal="EURO Journal on Computational Optimization",
year="2014",
month="Nov",
day="01",
volume="2",
number="4",
pages="223--246",
issn="2192-4414",
doi="10.1007/s13675-014-0030-7",
url="https://doi.org/10.1007/s13675-014-0030-7"
}

@article{gunawan2016,
author = {Gunawan, Aldy and Lau, Hoong and Vansteenwegen, Pieter},
year = {2016},
month = {05},
pages = {},
title = {Orienteering Problem: A Survey of Recent Variants, Solution Approaches and Applications},
volume = {225},
booktitle = {European Journal of Operational Research}
}

@article{laporte2007,
author = {Laporte, Gilbert and Martin, I},
year = {2007},
month = {08},
pages = {92-108},
title = {Locating a cycle in a transportation or a telecommunication network},
volume = {50},
booktitle = {Networks}
}

@article{chao1996,
author = {Chao, I-Ming and Golden, Bruce and A. Wasil, Edward},
year = {1996},
month = {02},
pages = {464-474},
title = {The team orienteering problem},
volume = {88},
booktitle = {European Journal of Operational Research}
}

@article{miller1960,
author = {E. Miller, C and Tucker, A.W. and Zemlin, R.A.},
year = {1960},
month = {10},
pages = {326-329},
title = {Integer Programming Formulation of Traveling Salesman Problems},
volume = {7},
booktitle = {J. ACM}
}

@article{castro2013,
author = {Castro, Marco and S\"orensen, Kenneth and Vansteenwegen, Pieter and Goos, Peter},
year = {2013},
month = {07},
pages = {1716-1728},
title = {A memetic algorithm for the travelling salesperson problem with hotel selection},
volume = {40},
booktitle = {Computers & Operations Research}
}

@article{sorensen2006,
author = {S\"orensen, Kenneth and Sevaux, Marc},
year = {2006},
month = {05},
pages = {1214-1225},
title = {MA|PM: Memetic algorithms with population management},
volume = {33},
booktitle = {Computers & Operations Research}
}

@article{liang2013,
author = {Liang, Yun-Chia and Kulturel-Konak, Sadan and Lo, Min-Hua},
year = {2013},
month = {06},
pages = {238-247},
title = {A multiple-level variable neighborhood search approach to the orienteering problem},
volume = {30},
booktitle = {Journal of Industrial and Production Engineering}
}

@article{campos2014,
author = {Campos, Vicente and Marti, Rafael and S\'anchez-Oro Calvo, Jes\'us and Duarte, Abraham},
year = {2014},
month = {12},
pages = {},
title = {GRASP with path relinking for the orienteering problem},
volume = {65},
booktitle = {Journal of the Operational Research Society}
}

@Inbook{resende2003,
author="Resende, Mauricio G. C.
and Ribeiro, Celso C.",
editor="Glover, Fred
and Kochenberger, Gary A.",
title="Greedy Randomized Adaptive Search Procedures",
bookTitle="Handbook of Metaheuristics",
year="2003",
publisher="Springer US",
address="Boston, MA",
pages="219--249",
isbn="978-0-306-48056-0",
doi="10.1007/0-306-48056-5_8",
url="https://doi.org/10.1007/0-306-48056-5_8"
}

@article{castro2014,
author = {Castro, Marco and S\"orensen, Kenneth and Vansteenwegen, Pieter and Goos, Peter},
year = {2014},
month = {03},
pages = {},
title = {A fast metaheuristic for the travelling salesperson problem with hotel selection},
volume = {Accepted for publication},
booktitle = {4OR quarterly journal of the Belgian, French and Italian Operations Research Societies}
}

@article{lin1973,
author = {Lin, S and W. Kernighan, B},
year = {1973},
month = {04},
pages = {498-},
title = {An Effective Heuristic Algorithm for the TSP},
volume = {21},
booktitle = {Operations Research}
}

@article{applegate2006,
author = {Applegate, David and E. Bixby, Robert and Chv\'atal, Va\v{s}ek and J. Cook, William},
year = {2006},
month = {01},
pages = {},
title = {The Traveling Salesman Problem: A Computational Study},
booktitle = {The Traveling Salesman Problem: A Computational Study}
}

@article{prins2004,
author = {Prins, Christian},
year = {2004},
month = {10},
pages = {1985-2002},
title = {Prins, C.: A simple and effective evolutionary algorithm for the vehicle routing problem. Computer & Operations Research 31(12), 1985-2002},
volume = {31},
booktitle = {Computers & Operations Research}
}

@article{lin2013,
author = {Lin, Shih-Wei},
year = {2013},
month = {02},
pages = {1064â€“1073},
title = {Solving the team orienteering problem using effective multi-start simulated annealing},
volume = {13},
booktitle = {Applied Soft Computing}
}

@article{kee2015,
author = {Ke, Liangjun and Zhai, Laipeng and Li, Jing and T.S. Chan, Felix},
year = {2015},
month = {08},
pages = {},
title = {Pareto mimic algorithm: An approach to the team orienteering problem},
volume = {61},
booktitle = {Omega}
}

@article{revelle1993,
author = {ReVelle, Charles},
year = {1993},
month = {03},
pages = {147-158},
title = {Facility Siting and Integer-Friendly Programming},
volume = {65},
booktitle = {European Journal of Operational Research}
}